@book{Sicard2015,
    Author ="Sicard-Ram\'irez, Andr\'es
    and Bove, Ana and Dybjer, Peter",
    Publisher = {PEDECIBA Inform\'atica, Universidad de la Rep\'ublica.},
    Country = {Uruguay},
    Title = {Reasoning about functional programs by combining interactive and automatic proofs.},
    Year = {2015}}

@Article{Sut09,
    Author       = "Sutcliffe, G.",
    Year         = "2009",
    Title        = "{The TPTP Problem Library and Associated Infrastructure:
                    The FOF and CNF Parts, v3.5.0}",
    Journal      = "Journal of Automated Reasoning",
    Volume       = "43",
    Number       = "4",
    Pages        = "337-362"
}

@Inbook{Paulson2007,
author="Paulson, Lawrence C.
and Susanto, Kong Woei",
editor="Schneider, Klaus
and Brandt, Jens",
title="Source-Level Proof Reconstruction for Interactive Theorem Proving",
bookTitle="Theorem Proving in Higher Order Logics: 20th International Conference, TPHOLs 2007, Kaiserslautern, Germany, September 10-13, 2007. Proceedings",
year="2007",
publisher="Springer Berlin Heidelberg",
address="Berlin, Heidelberg",
pages="232--245",
isbn="978-3-540-74591-4",
doi="10.1007/978-3-540-74591-4_18",
url="http://dx.doi.org/10.1007/978-3-540-74591-4_18"
}

@Inbook{Foster2011,
author="Foster, Simon
and Struth, Georg",
editor="Bobaru, Mihaela
and Havelund, Klaus
and Holzmann, Gerard J.
and Joshi, Rajeev",
title="Integrating an Automated Theorem Prover into Agda",
bookTitle="NASA Formal Methods: Third International Symposium, NFM 2011, Pasadena, CA, USA, April 18-20, 2011. Proceedings",
year="2011",
publisher="Springer Berlin Heidelberg",
address="Berlin, Heidelberg",
pages="116--130",
isbn="978-3-642-20398-5",
doi="10.1007/978-3-642-20398-5_10",
url="http://dx.doi.org/10.1007/978-3-642-20398-5_10"
}

@article{hurd2003first,
  title={First-order proof tactics in higher-order logic theorem provers},
  author={Hurd, Joe},
  journal={Design and Application of Strategies/Tactics in Higher Order Logics, number NASA/CP-2003-212448 in NASA Technical Reports},
  pages={56--68},
  year={2003}
}

@misc{Athena,
  author       = {Jonathan Prieto-Cubides and Andr\'es Sicard-Ram\'irez},
  title        = {Proof Reconstruction of Classical Propositional Logic with Athena},
  month        = mar,
  year         = 2017,
  doi          = {10.5281/zenodo.437196},
  url          = {https://doi.org/10.5281/zenodo.437196}
}

@misc{AgdaMetis,
  author       = {Jonathan Prieto-Cubides and Andr\'es Sicard-Ram\'irez},
  title        = {Agda-Metis Agda Library},
  month        = mar,
  year         = 2017,
  doi          = {10.5281/zenodo.398862},
  url          = {https://doi.org/10.5281/zenodo.398862}
}

@misc{AgdaProp,
  author       = {Jonathan Prieto-Cubides and Andr\'es Sicard-Ram\'irez},
  title        = {Agda-Prop Library for Classical Propositional Logic},
  month        = mar,
  year         = 2017,
  doi          = {10.5281/zenodo.398852},
  url          = {https://doi.org/10.5281/zenodo.398852}
}

@misc{ProPack,
  author       = {Jonathan Prieto-Cubides},
  title        = {Prop-Pack: Collection of TPTP Problems},
  month        = mar,
  year         = 2017,
  doi          = {10.5281/zenodo.437126},
  url          = {https://doi.org/10.5281/zenodo.437126}
}

@misc{OnlineATPs,
  author       = {Jonathan Prieto-Cubides},
  title        = {OnlineATPs: A command-line tool client for the TPTP World.},
  month        = mar,
  year         = 2017,
  doi          = {10.5281/zenodo.398851},
  url          = {https://doi.org/10.5281/zenodo.398851}
}

